<?xml version="1.0" encoding="UTF-8"?><record xmlns="http://www.loc.gov/MARC21/slim" xmlns:cinclude="http://apache.org/cocoon/include/1.0" xmlns:zs="http://www.loc.gov/zing/srw/">
  <leader>00379nz  a2200121n  4500</leader>
  <controlfield tag="001">n  94085008 </controlfield>
  <controlfield tag="003">DLC</controlfield>
  <controlfield tag="005">19940902124141.8</controlfield>
  <controlfield tag="008">940902n| acannaab|          |n ana |||  </controlfield>
  <datafield tag="010" ind1=" " ind2=" ">
    <subfield code="a">n  94085008 </subfield>
  </datafield>
  <datafield tag="040" ind1=" " ind2=" ">
    <subfield code="a">DLC</subfield>
    <subfield code="c">DLC</subfield>
  </datafield>
  <datafield tag="110" ind1="2" ind2="0">
    <subfield code="a">Centro Cultural El Eternauta (Buenos Aires, Argentina)</subfield>
  </datafield>
  <datafield tag="670" ind1=" " ind2=" ">
    <subfield code="a">El liternauta, 1992:</subfield>
    <subfield code="b">t.p. (Centro Cultural El Eternauta) p. opp. t.p. (Capital Federal)</subfield>
  </datafield>
</record>